%! Author = jacopo
%! Date = 23.05.24

