%! Author = jacopo
%! Date = 23.05.24

@article{mcculloch43a,
    added-at = {2008-02-26T11:58:58.000+0100},
    author = {Mcculloch, Warren and Pitts, Walter},
    biburl = {https://www.bibsonomy.org/bibtex/26fbacb0ae04bc17d296d9265dfc90dff/schaul},
    citeulike-article-id = {2380493},
    description = {idsia},
    interhash = {3e8e0d06f376f3eb95af89d5a2f15957},
    intrahash = {6fbacb0ae04bc17d296d9265dfc90dff},
    journal = {Bulletin of Mathematical Biophysics},
    keywords = {evolutionary},
    pages = {127--147},
    priority = {2},
    timestamp = {2008-02-26T12:00:58.000+0100},
    title = {A Logical Calculus of Ideas Immanent in Nervous Activity},
    volume = 5,
    year = 1943
}

@misc{con2d,
    title = {Keras Documentation - Conv2D layer},
    author = {Keras Development Team},
    url = {https://keras.io/api/layers/convolution_layers/convolution2d/}
}

@misc{bieder2021comparison,
    title={Comparison of Methods Generalizing Max- and Average-Pooling},
    author={Florentin Bieder and Robin Sandkühler and Philippe C. Cattin},
    year={2021},
    eprint={2103.01746},
    archivePrefix={arXiv},
    primaryClass={cs.CV}
}

@misc{maxpooling2d,
    title = {Keras Documentation - MaxPooling2D layer},
    author = {Keras Development Team},
    url = {https://keras.io/api/layers/pooling_layers/max_pooling2d/}
}

@misc{chollet2017xception,
    title={Xception: Deep Learning with Depthwise Separable Convolutions},
    author={François Chollet},
    year={2017},
    eprint={1610.02357},
    archivePrefix={arXiv},
    primaryClass={cs.CV}
}

@article{understandingdeepwise,
    title = {Understanding separable convolutions},
    author = {Christian Versloot},
    date = {2019-09-23},
    url = {https://github.com/christianversloot/machine-learning-articles/blob/main/understanding-separable-convolutions.md},
}

@misc{wang2023cnns,
    title={Can CNNs Be More Robust Than Transformers?},
    author={Zeyu Wang and Yutong Bai and Yuyin Zhou and Cihang Xie},
    year={2023},
    eprint={2206.03452},
    archivePrefix={arXiv},
    primaryClass={cs.CV}
}

@misc{simonyan2015deep,
    title={Very Deep Convolutional Networks for Large-Scale Image Recognition},
    author={Karen Simonyan and Andrew Zisserman},
    year={2015},
    eprint={1409.1556},
    archivePrefix={arXiv},
    primaryClass={cs.CV}
}

@online{datasetCite,
    title        = {Muffin vs chihuahua},
    author       = {Samuel Cortinhas},
    year         = {2023},
    url          = {https://www.kaggle.com/datasets/samuelcortinhas/muffin-vs-chihuahua-image-classification},
}

@online{googleBalance,
    title        = {Imbalanced Data},
    author       = {Google},
    year         = {2023},
    url          = {https://developers.google.com/machine-learning/data-prep/construct/sampling-splitting/imbalanced-data},
}

@book{Goodfellow-et-al-2016,
    title={Deep Learning},
    author={Ian Goodfellow and Yoshua Bengio and Aaron Courville},
    publisher={MIT Press},
    note={\url{http://www.deeplearningbook.org}},
    year={2016},
}

@misc{wilson2018marginal,
    title={The Marginal Value of Adaptive Gradient Methods in Machine Learning},
    author={Ashia C. Wilson and Rebecca Roelofs and Mitchell Stern and Nathan Srebro and Benjamin Recht},
    year={2018},
    eprint={1705.08292},
    archivePrefix={arXiv},
    primaryClass={stat.ML}
}


@online{optimzierChoice,
    title        = {Which Optimizer should I use for my ML Project?},
    author       = {Lightly},
    url          = {htthttps://www.lightly.ai/post/which-optimizer-should-i-use-for-my-machine-learning-project#:~:text=Try%20to%20find%20an%20optimizer,previously%20unseen%20data%20%5B14%5D},
}

@misc{keskar2017largebatch,
    title={On Large-Batch Training for Deep Learning: Generalization Gap and Sharp Minima},
    author={Nitish Shirish Keskar and Dheevatsa Mudigere and Jorge Nocedal and Mikhail Smelyanskiy and Ping Tak Peter Tang},
    year={2017},
    eprint={1609.04836},
    archivePrefix={arXiv},
    primaryClass={cs.LG}
}

@misc{snoek2012practical,
    title={Practical Bayesian Optimization of Machine Learning Algorithms},
    author={Jasper Snoek and Hugo Larochelle and Ryan P. Adams},
    year={2012},
    eprint={1206.2944},
    archivePrefix={arXiv},
    primaryClass={stat.ML}
}